% bmc_article.bib
% 
%  An example of bibtex entries.
%  Entries taken from BMC instructions for authors page.

% uncomment next line to make author-year bibliography
% @settings{label, options="nameyear"}

@article{blank,
	author  = {}, 
	title   = {},
	journal = {}, 
	year  = {},
	  month = {}, 
	  volume= {}, 
      number= {}, 
	  pages = {},
	  note  = {} 
}	

% Article within a journal
@ARTICLE{koon,
	author  = {Koonin, E V and Altschul, S F and P Bork}, 
	title   = {BRCA1 protein products: functional motifs}, 
	journal = {Nat Genet}, 
	year    = {1996},
	volume  = {13}, 
	pages   = {266-267}
}	

% Article within a journal supplement
@ARTICLE{oreg,
	author  = {Orengo, C A and Bray, J E and Hubbard, 
		   T and LoConte, L and Sillitoe, I}, 
	title   = {Analysis and assessment of ab initio 
		   three-dimensional prediction, secondary 
		   structure, and contacts prediction},
	journal = {Proteins}, 
	year    = {1999},
	volume  = {Suppl 3}, 
	pages   = {149-170}
}	

% In press article
@inpress{khar,
	author  = {Kharitonov, S A and Barnes, P J}, 
	title   = {Clinical aspects of exhaled nitric oxide},
	journal = {Eur Respir J}, 
	note    = {in press} 
}	


%
% Published abstract
%
@ARTICLE{zvai,
	author  = {Zvaifler, N J and Burger, J A and Marinova-Mutafchieva, 
		   L and Taylor, P and Maini, R N},
	title   = {Mesenchymal cells, stromal derived factor-1 and 
		   rheumatoid arthritis [abstract]},
	journal = {Arthritis Rheum}, 
	year    = {1999},
	volume  = {42}, 
	pages   = {s250},
}	

@article{obafemi2015facial,
  title={Facial structure analysis separates autism spectrum disorders into meaningful clinical subgroups},
  author={Obafemi-Ajayi, Tayo and Miles, Judith H and Takahashi, T Nicole and Qi, Wenchuan and Aldridge, Kristina and Zhang, Minqi and Xin, Shi-Qing and He, Ying and Duan, Ye},
  journal={Journal of autism and developmental disorders},
  volume={45},
  number={5},
  pages={1302--1317},
  year={2015},
  publisher={Springer}
}

@article{lord2012multisite,
  title={A multisite study of the clinical diagnosis of different autism spectrum disorders},
  author={Lord, Catherine and Petkova, Eva and Hus, Vanessa and Gan, Weijin and Lu, Feihan and Martin, Donna M and Ousley, Opal and Guy, Lisa and Bernier, Raphael and Gerdts, Jennifer and others},
  journal={Archives of general psychiatry},
  volume={69},
  number={3},
  pages={306--313},
  year={2012},
  publisher={American Medical Association}
}

@misc{Nguyen2017,
  author = {Nguyen, Thy and Obafemi-Ajayi, Tayo},
  title = {Cluster Validation Platform},
  year = {2017},
  publisher = {GitHub},
  journal = {GitHub repository},
 url = {\url{https://github.com/clslabMSU/clustGUI}},
}

@article{arbelaitz2013extensive,
  title={An extensive comparative study of cluster validity indices},
  author={Arbelaitz, Olatz and Gurrutxaga, Ibai and Muguerza, Javier and P{\'e}rez, Jes{\'u}s M and Perona, Inigo},
  journal={Pattern Recognition},
  volume={46},
  number={1},
  pages={243--256},
  year={2013},
  publisher={Elsevier}
}

@article{brun2007model,
  title={Model-based evaluation of clustering validation measures},
  author={Brun, Marcel and Sima, Chao and Hua, Jianping and Lowey, James and Carroll, Brent and Suh, Edward and Dougherty, Edward R},
  journal={Pattern recognition},
  volume={40},
  number={3},
  pages={807--824},
  year={2007},
  publisher={Elsevier}
}


@book{xu2009clustering,
  author={Xu, Rui and Wunsch II, Donald},
    title={Clustering},
  year={2009},
  publisher={John Wiley \& Sons},
  address={Piscataway, NJ}
}


@article{bastian2009gephi,
  title={Gephi: an open source software for exploring and manipulating networks.},
  author={Bastian, Mathieu and Heymann, Sebastien and Jacomy, Mathieu and others},
  journal={Icwsm},
  volume={8},
  number={2009},
  pages={361--362},
  year={2009},
  publisher={San Jose, California}
}

@article{jacomy2014forceatlas2,
  title={ForceAtlas2, a continuous graph layout algorithm for handy network visualization designed for the Gephi software},
  author={Jacomy, Mathieu and Venturini, Tommaso and Heymann, Sebastien and Bastian, Mathieu},
  journal={PloS one},
  volume={9},
  number={6},
  pages={e98679},
  year={2014},
  publisher={Public Library of Science}
}

@article{georgiades2013investigating,
  title={Investigating phenotypic heterogeneity in children with autism spectrum disorder: a factor mixture modeling approach},
  author={Georgiades, Stelios and Szatmari, Peter and Boyle, Michael and Hanna, Steven and Duku, Eric and Zwaigenbaum, Lonnie and Bryson, Susan and Fombonne, Eric and Volden, Joanne and Mirenda, Pat and others},
  journal={Journal of Child Psychology and Psychiatry},
  volume={54},
  number={2},
  pages={206--215},
  year={2013},
  publisher={Wiley Online Library}
}

@comment{LFComparative,
  title = {Community detection algorithms: A comparative analysis},
  author = {Lancichinetti, Andrea and Fortunato, Santo},
  journal = {Phys. Rev. E},
  volume = {80},
  issue = {5},
  pages = {056117},
  numpages = {11},
  year = {2009},
  month = {Nov},
  publisher = {American Physical Society},
  doi = {10.1103/PhysRevE.80.056117}
  
}


@comment{LFRNets,
  title={Benchmark graphs for testing community detection algorithms},
  author={Lancichinetti, Andrea and Fortunato, Santo and Radicchi, Filippo},
  journal={Physical Review E},
  volume={78},
  number={4},
  pages={046110},
  year={2008},
  publisher={APS}
}

@inproceedings{obafemi2017unified,
  title={Neuroimaging Biomarkers of Cognitive Decline in Healthy Older Adults via Unified Learning},
  author={Obafemi-Ajayi, Tayo and  Al-Jabery, Khalid and Salminen, Lauren and Laidlaw, David and Cabeen, Ryan and Wunsch, Donald and Paul, Robert},
  booktitle={Computational Intelligence (SSCI), 2017 IEEE Symposium Series on},
  year={2017},
  organization={IEEE}
}

@article{liu2013understanding,
  title={Understanding and enhancement of internal clustering validation measures},
  author={Liu, Yanchi and Li, Zhongmou and Xiong, Hui and Gao, Xuedong and Wu, Junjie and Wu, Sen},
  journal={IEEE transactions on cybernetics},
  volume={43},
  number={3},
  pages={982--994},
  year={2013},
  publisher={IEEE}
}

@article{guyon2003introduction,
  title={An introduction to variable and feature selection},
  author={Guyon, Isabelle and Elisseeff, Andr{\'e}},
  journal={Journal of machine learning research},
  volume={3},
  number={Mar},
  pages={1157--1182},
  year={2003}
}

@article{autism2014prevalence,
  title={Prevalence of autism spectrum disorder among children aged 8 yearsâ€”autism and developmental disabilities monitoring network, 11 sites, United States, 2010},
  author={Autism and Developmental Disabilities Monitoring Network Surveillance Year 2010 Principal Investigators},
  journal={Morbidity and Mortality Weekly Report: Surveillance Summaries},
  volume={63},
  number={2},
  pages={1--21},
  year={2014},
  publisher={JSTOR}
}

@article{lavelle2014economic,
  title={Economic burden of childhood autism spectrum disorders},
  author={Lavelle, Tara A and Weinstein, Milton C and Newhouse, Joseph P and Munir, Kerim and Kuhlthau, Karen A and Prosser, Lisa A},
  journal={Pediatrics},
  volume={133},
  number={3},
  pages={e520--e529},
  year={2014},
  publisher={Am Acad Pediatrics}
}

% The following are from comments of Reviewer 2 on our TKDE submission
@misc{snapnets,
  author       = {Jure Leskovec and Andrej Krevl},
  title        = {{SNAP Datasets}: {Stanford} Large Network Dataset Collection},
  howpublished = {URL http://snap. standford. edu/data},
  month        = jun,
  year         = 2014
}

@inproceedings{comscore-icdm12,
 author = {Yang, Jaewon and Leskovec, Jure},
 title = {Defining and Evaluating Network Communities Based on Ground-truth},
 booktitle = {Proceedings of the ACM SIGKDD Workshop on Mining Data Semantics},
 series = {MDS '12},
 year = {2012},
 isbn = {978-1-4503-1546-3},
 location = {Beijing, China},
 pages = {3:1--3:8},
 articleno = {3},
 numpages = {8},
 url = {http://doi.acm.org/10.1145/2350190.2350193},
 doi = {10.1145/2350190.2350193},
 acmid = {2350193},
 publisher = {ACM},
 address = {New York, NY, USA},
 keywords = {community scores, network communities, social and information networks},
} 


@article{brandes2007engineering,
  title={Engineering graph clustering: Models and experimental evaluation.},
  author={Brandes, Ulrik and Gaertler, Marco and Wagner, Dorothea},
  journal={ACM Journal of Experimental Algorithmics},
  volume={12},
  number={1.1},
  pages={1--26},
  year={2007}
}

@article{BTERModel,
  author    = {C. Seshadhri and
               Tamara G. Kolda and
               Ali Pinar},
  title     = {Community structure and scale-free collections of Erd{\"{o}}s-R{\'{e}}nyi
               graphs},
  journal   = {CoRR},
  volume    = {abs/1112.3644},
  year      = {2011},
  url       = {http://arxiv.org/abs/1112.3644},
  timestamp = {Wed, 10 Oct 2012 21:28:45 +0200},
  biburl    = {http://dblp.uni-trier.de/rec/bib/journals/corr/abs-1112-3644},
  bibsource = {dblp computer science bibliography, http://dblp.org}
}

@comment{fortunato2007resolution,
  title={Resolution limit in community detection},
  author={Fortunato, Santo and Barthelemy, Marc},
  journal={Proceedings of the National Academy of Sciences},
  volume={104},
  number={1},
  pages={36--41},
  year={2007},
  publisher={National Acad Sciences}
}

@article{kumpula2007limited,
  title={Limited resolution in complex network community detection with Potts model approach},
  author={Kumpula, Jussi M and Saram{\"a}ki, Jari and Kaski, Kimmo and Kert{\'e}sz, J{\'a}nos},
  journal={The European Physical Journal B},
  volume={56},
  number={1},
  pages={41--45},
  year={2007},
  publisher={Springer}
}

@incollection{almeida2011there,
  title={Is there a best quality metric for graph clusters?},
  author={Almeida, H{\'e}lio and Guedes, Dorgival and Meira Jr, Wagner and Zaki, Mohammed J},
  booktitle={Machine Learning and Knowledge Discovery in Databases},
  pages={44--59},
  year={2011},
  publisher={Springer}
}



@incollection{noiseThresh,
title = {Noise Thresholds for Spectral Clustering},
author = {Balakrishnan, Sivaraman and Xu, Min and Krishnamurthy, Akshay and Singh, Aarti},
booktitle = {Advances in Neural Information Processing Systems 24},
editor = {J. Shawe-Taylor and R.S. Zemel and P.L. Bartlett and F. Pereira and K.Q. Weinberger},
pages = {954--962},
year = {2011},
publisher = {Curran Associates, Inc.},
url = {http://papers.nips.cc/paper/4342-noise-thresholds-for-spectral-clustering.pdf}
}

@article{noiseRemoval,
 author = {Xiong, Hui and Pandey, Gaurav and Steinbach, Michael and Kumar, Vipin},
 title = {Enhancing Data Analysis with Noise Removal},
 journal = {IEEE Trans. on Knowl. and Data Eng.},
 issue_date = {March 2006},
 volume = {18},
 number = {3},
 month = mar,
 year = {2006},
 issn = {1041-4347},
 pages = {304--319},
 numpages = {16},
 url = {http://dx.doi.org/10.1109/TKDE.2006.46},
 doi = {10.1109/TKDE.2006.46},
 acmid = {1112781},
 publisher = {IEEE Educational Activities Department},
 address = {Piscataway, NJ, USA},
 keywords = {Index Terms- Data cleaning, Index Terms- Data cleaning, very noisy data, hyperclique pattern discovery, local outlier factor (LOF), noise removal., hyperclique pattern discovery, local outlier factor (LOF), noise removal., very noisy data},
} 

@article{overlapCommSurvey,
 author = {Xie, Jierui and Kelley, Stephen and Szymanski, Boleslaw K.},
 title = {Overlapping Community Detection in Networks: The State-of-the-art and Comparative Study},
 journal = {ACM Comput. Surv.},
 issue_date = {August 2013},
 volume = {45},
 number = {4},
 month = aug,
 year = {2013},
 issn = {0360-0300},
 pages = {43:1--43:35},
 articleno = {43},
 numpages = {35},
 url = {http://doi.acm.org/10.1145/2501654.2501657},
 doi = {10.1145/2501654.2501657},
 acmid = {2501657},
 publisher = {ACM},
 address = {New York, NY, USA},
 keywords = {Overlapping community detection, social networks},
} 


@TECHREPORT{spectralCompare,
    author = {Deepak Verma and Marina Meila},
    title = {A Comparison of Spectral Clustering Algorithms},
    institution = {},
    year = {2003}
}

@comment{frank2011uci,
 title={UCI machine learning repository, 2010},
author = {Frank, Andrew and Asuncion, Arthur},
howpublished = {URL http://archive. ics. uci. edu/ml},
year = {2011},
}

@article{vendramin2010relative,
  title={Relative clustering validity criteria: A comparative overview},
  author={Vendramin, Lucas and Campello, Ricardo JGB and Hruschka, Eduardo R},
  journal={Statistical Analysis and Data Mining},
  volume={3},
  number={4},
  pages={209--235},
  year={2010},
  publisher={Wiley Online Library}
}

@comment{bezdek2002vat,
  title={VAT: A tool for visual assessment of (cluster) tendency},
  author={Bezdek, James C and Hathaway, Richard J},
  booktitle={Neural Networks, 2002. IJCNN'02. Proceedings of the 2002 International Joint Conference on},
  volume={3},
  pages={2225--2230},
  year={2002}
}


@comment{InfluenceGType,
  title={Influence of graph construction on graph-based clustering measures},
  author={Maier, Markus and Luxburg, Ulrike V and Hein, Matthias},
  booktitle={Advances in neural information processing systems},
  pages={1025--1032},
  year={2008}
}

@comment{Arbelaitz,
 author = {Arbelaitz, Olatz and Gurrutxaga, Ibai and Muguerza, Javier and P{\'e}Rez, Jes\'{u}S M. and Perona, I\~{n}Igo},
 title = {An Extensive Comparative Study of Cluster Validity Indices},
 journal = {Pattern Recogn.},
 issue_date = {January, 2013},
 volume = {46},
 number = {1},
 year = {2013},
 pages = {243--256},
 keywords = {Cluster validity index, Comparative analysis, Crisp clustering},
} 

@article{QTClust,
  title={Exploring expression data: identification and analysis of coexpressed genes},
  author={Heyer, Laurie J and Kruglyak, Semyon and Yooseph, Shibu},
  journal={Genome research},
  volume={9},
  number={11},
  pages={1106--1115},
  year={1999},
  publisher={Cold Spring Harbor Lab}
}

@article{CAST,
  author    = {Amir Ben{-}Dor and
               Ron Shamir and
               Zohar Yakhini},
  title     = {Clustering Gene Expression Patterns},
  journal   = {Journal of Computational Biology},
  year      = {1999},
  volume    = {6},
  number    = {3/4},
  pages     = {281--297},
}


@comment{Pregel,
 author = {Malewicz, Grzegorz and Austern, Matthew H. and Bik, Aart J.C and Dehnert, James C. and Horn, Ilan and Leiser, Naty and Czajkowski, Grzegorz},
 title = {Pregel: A System for Large-scale Graph Processing},
 booktitle = {Proceedings of the 2010 ACM SIGMOD International Conference on Management of Data},
 series = {SIGMOD '10},
 year = {2010},
 isbn = {978-1-4503-0032-2},
 location = {Indianapolis, Indiana, USA},
 pages = {135--146},
 numpages = {12},
 acmid = {1807184},
 publisher = {ACM},
 address = {New York, NY, USA},
 keywords = {distributed computing, graph algorigthms},
} 

@inproceedings{GranularSets,
  author = {Ligeza, Antoni and Szpyrka, Marcin},
  booktitle = {RSEISP},
  editor = {Kryszkiewicz, Marzena and Peters, James F. and Rybinski, Henryk and Skowron, Andrzej},
  pages = {251-260},
  series = {Lecture Notes in Computer Science},
  title = {A Note on Granular Sets and Their Relation to Rough Sets.},
  volume = 4585,
  year = 2007
}


@inproceedings{LimitationSpectral,
  title={Fundamental limitations of spectral clustering},
  author={Nadler, Boaz and Galun, Meirav},
  booktitle={Advances in Neural Information Processing Systems},
  pages={1017--1024},
  year={2006}
}

@comment{ShiMalik,
  title={Normalized cuts and image segmentation},
  author={Shi, Jianbo and Malik, Jitendra},
  journal={Pattern Analysis and Machine Intelligence, IEEE Transactions on},
  volume={22},
  number={8},
  pages={888--905},
  year={2000},
  publisher={IEEE}
}






@article{conductancePASF,
 author = {Mihail, Milena and Papadimitriou, Christos and Saberi, Amin},
 title = {On Certain Connectivity Properties of the Internet Topology},
 journal = {J. Comput. Syst. Sci.},
 volume = {72},
 number = {2},
 month = mar,
 year = {2006},
 pages = {239--251}
} 

@article{conductanceRandSF,
 author = {Gkantsidis, Christos and Mihail, Milena and Saberi, Amin},
 title = {Conductance and Congestion in Power Law Graphs},
 journal = {SIGMETRICS Perform. Eval. Rev.},
 volume = {31},
 number = {1},
 year = {2003},
 pages = {148--159}
} 



@article{newman2005measure,
  added-at = {2011-11-29T12:31:01.000+0100},
  author = {Newman, M.E.J.},
  biburl = {http://www.bibsonomy.org/bibtex/284121d22977be836850cbc3605c5e641/ytyoun},
  doi = {10.1016/j.socnet.2004.11.009},
  interhash = {acf65bd79746305644f779aff46ea18d},
  intrahash = {84121d22977be836850cbc3605c5e641},
  journal = {Social networks},
  keywords = {centrality network random-walk resistor-network},
  number = 1,
  pages = {39--54},
  publisher = {Elsevier},
  timestamp = {2011-11-29T12:31:01.000+0100},
  title = {A measure of betweenness centrality based on random walks},
  volume = 27,
  year = 2005
}

@comment{vertexSeparators,
  added-at = {2012-11-22T19:17:38.000+0100},
  author = {Feige, U. and Hajiaghayi, M. and Lee, J.},
  biburl = {http://www.bibsonomy.org/bibtex/24e1c7f3b7743d14f262341c70df95f62/wvdaalst},
  booktitle = {Proceedings of the thirty-seventh annual ACM symposium on Theory of computing},
  interhash = {8b435d0c4abfacd46847f676b9026313},
  intrahash = {4e1c7f3b7743d14f262341c70df95f62},
  keywords = {BPM collection imported},
  pages = {563--572},
  publisher = {ACM, New York},
  timestamp = {2012-11-22T19:17:38.000+0100},
  title = {{Improved Approximation Algorithms for Minimum-Weight Vertex Separators}},
  year = 2005
}


@article{FFFPowerlaw,
 author = {Faloutsos, Michalis and Faloutsos, Petros and Faloutsos, Christos},
 title = {On Power-law Relationships of the Internet Topology},
 journal = {SIGCOMM Comput. Commun. Rev.},
 issue_date = {Oct. 1999},
 volume = {29},
 number = {4},
 month = aug,
 year = {1999},
 issn = {0146-4833},
 pages = {251--262},
 numpages = {12},
 url = {http://doi.acm.org/10.1145/316194.316229},
 doi = {10.1145/316194.316229},
 acmid = {316229},
 publisher = {ACM},
 address = {New York, NY, USA}
} 


@comment{HOTNet,
  author    = {Alex Fabrikant and Elias Koutsoupias and Christos H. Papadimitriou},
  title     = {Heuristically Optimized Trade-Offs: A New Paradigm for Power Laws in the Internet},
  booktitle = {ICALP},
  year      = {2002},
  pages     = {110-122},
  ee        = {http://dx.doi.org/10.1007/3-540-45465-9_11},
  bibsource = {DBLP, http://dblp.uni-trier.de}
}

@comment{DoylePNAS,
author = {Doyle, John C. and Alderson, David L. and Li, Lun and Low, Steven and Roughan, Matthew and Shalunov, Stanislav and Tanaka, Reiko and Willinger, Walter}, 
title = {The robust yet fragile nature of the Internet},
volume = {102}, 
number = {41}, 
pages = {14497-14502}, 
year = {2005}, 
doi = {10.1073/pnas.0501426102}, 
URL = {http://www.pnas.org/content/102/41/14497.abstract}, 
eprint = {http://www.pnas.org/content/102/41/14497.full.pdf+html}, 
journal = {Proceedings of the National Academy of Sciences of the United States of America} 
}


@article{Newman2005,
title = "A measure of betweenness centrality based on random walks ",
journal = "Social Networks ",
volume = "27",
number = "1",
pages = "39 - 54",
year = "2005",
note = "",
issn = "0378-8733",
doi = "http://dx.doi.org/10.1016/j.socnet.2004.11.009",
url = "http://www.sciencedirect.com/science/article/pii/S0378873304000681",
author = "M.E. J. Newman"
}

@inproceedings{Karger1993,
 author = {Karger, David R.},
 title = {Global Min-cuts in RNC, and Other Ramifications of a Simple Min-out Algorithm},
 booktitle = {Proceedings of the Fourth Annual ACM-SIAM Symposium on Discrete Algorithms},
 series = {SODA '93},
 year = {1993},
 isbn = {0-89871-313-7},
 location = {Austin, Texas, USA},
 pages = {21--30},
 numpages = {10},
 url = {http://dl.acm.org/citation.cfm?id=313559.313605},
 acmid = {313605},
 publisher = {Society for Industrial and Applied Mathematics},
 address = {Philadelphia, PA, USA}
} 

@article{kuhn1955hungarian,
  title={The Hungarian method for the assignment problem},
  author={Kuhn, Harold W},
  journal={Naval research logistics quarterly},
  volume={2},
  number={1-2},
  pages={83--97},
  year={1955},
  publisher={Wiley Online Library}
}

@book{papadimitriou1998combinatorial,
  title={Combinatorial optimization: algorithms and complexity},
  author={Papadimitriou, Christos H and Steiglitz, Kenneth},
  year={1998},
  publisher={Courier Corporation}
}

@book{aggarwal2013data,
  title={Data clustering: algorithms and applications},
  author={Aggarwal, Charu C and Reddy, Chandan K},
  year={2013},
  publisher={Chapman and Hall/CRC}
}
@article{verma2003comparison,
  title={A comparison of spectral clustering algorithms},
  author={Verma, Deepak and Meila, Marina},
  journal={University of Washington Tech Rep UWCSE030501},
  volume={1},
  pages={1--18},
  year={2003}
}
@inproceedings{balakrishnan2011noise,
  title={Noise thresholds for spectral clustering},
  author={Balakrishnan, Sivaraman and Xu, Min and Krishnamurthy, Akshay and Singh, Aarti},
  booktitle={Advances in Neural Information Processing Systems},
  pages={954--962},
  year={2011}
}
@comment{alpert1999spectral,
  title={Spectral partitioning with multiple eigenvectors},
  author={Alpert, Charles J and Kahng, Andrew B and Yao, So-Zen},
  journal={Discrete Applied Mathematics},
  volume={90},
  number={1-3},
  pages={3--26},
  year={1999},
  publisher={Elsevier}
}
@article{XieOverlap,
 author = {Xie, Jierui and Kelley, Stephen and Szymanski, Boleslaw K.},
 title = {Overlapping Community Detection in Networks: The State-of-the-art and Comparative Study},
 journal = {ACM Comput. Surv.},
 issue_date = {August 2013},
 volume = {45},
 number = {4},
 month = aug,
 year = {2013},
 issn = {0360-0300},
 pages = {43:1--43:35},
 articleno = {43},
 numpages = {35},
 acmid = {2501657},
 publisher = {ACM},
 address = {New York, NY, USA},
 keywords = {Overlapping community detection, social networks},
} 
@ARTICLE{XuClustBiomedical, 
author={R. Xu and D. C. Wunsch}, 
journal={IEEE Reviews in Biomedical Engineering}, 
title={Clustering Algorithms in Biomedical Research: A Review}, 
year={2010}, 
volume={3}, 
pages={120-154}, 
doi={10.1109/RBME.2010.2083647}, 
ISSN={1937-3333}, 
month={},}

@ARTICLE{XuSwarm, 
author={R. Xu and J. Xu and D. C. Wunsch}, 
journal={IEEE Transactions on Systems, Man, and Cybernetics, Part B (Cybernetics)}, 
title={A Comparison Study of Validity Indices on Swarm-Intelligence-Based Clustering}, 
year={2012}, 
volume={42}, 
number={4}, 
pages={1243-1256}, 
doi={10.1109/TSMCB.2012.2188509}, 
ISSN={1083-4419}, 
month={Aug},}
@comment{fortunato2010community,
  title={Community detection in graphs},
  author={Fortunato, Santo},
  journal={Physics reports},
  volume={486},
  number={3},
  pages={75--174},
  year={2010},
  publisher={Elsevier}
}

@article{Palla,
  title={Uncovering the overlapping community structure of complex networks in nature and society},
  author={Palla, Gergely and Der{\'e}nyi, Imre and Farkas, Ill{\'e}s and Vicsek, Tam{\'a}s},
  journal={Nature},
  volume={435},
  number={7043},
  pages={814--818},
  year={2005},
  publisher={Nature Publishing Group}
}
@comment{cliquePercolation,
  title={Clique percolation in random networks},
  author={Der{\'e}nyi, Imre and Palla, Gergely and Vicsek, Tam{\'a}s},
  journal={Physical review letters},
  volume={94},
  number={16},
  pages={160202},
  year={2005},
  publisher={APS}
}

@inproceedings{aggarwal2015outlier,
  title={Outlier analysis},
  author={Aggarwal, Charu C},
  booktitle={Data mining},
  pages={237--263},
  year={2015},
  organization={Springer}
}


@INPROCEEDINGS{Abouzar, 
author={Z. Ebadi Abouzar and L. Esmaeili and A. Hashemi Golpayegani}, 
booktitle={2016 8th International Symposium on Telecommunications (IST)}, 
title={Centrality measures analysis in overlapped communities: An empirical study}, 
year={2016}, 
pages={565-570}, 
doi={10.1109/ISTEL.2016.7881885}, 
month={Sept},}


@inproceedings{yoshida,
  title={Almost linear-time algorithms for adaptive betweenness centrality using hypergraph sketches},
  author={Yoshida, Yuichi},
  booktitle={Proceedings of the 20th ACM SIGKDD international conference on Knowledge discovery and data mining},
  pages={1416--1425},
  year={2014},
  organization={ACM}
}

@article{chen2012identifying,
  title={Identifying influential nodes in complex networks},
  author={Chen, Duanbing and L{\"u}, Linyuan and Shang, Ming-Sheng and Zhang, Yi-Cheng and Zhou, Tao},
  journal={Physica a: Statistical mechanics and its applications},
  volume={391},
  number={4},
  pages={1777--1787},
  year={2012},
  publisher={Elsevier}
}

@inproceedings{centralitySurvey,
  title={Centrality measures on big graphs: Exact, approximated, and distributed algorithms},
  author={Bonchi, Francesco and De Francisci Morales, Gianmarco and Riondato, Matteo},
  booktitle={Proceedings of the 25th International Conference Companion on World Wide Web},
  pages={1017--1020},
  year={2016},
  organization={International World Wide Web Conferences Steering Committee}
}
@article{freeman1977set,
  title={A set of measures of centrality based on betweenness},
  author={Freeman, Linton C},
  journal={Sociometry},
  pages={35--41},
  year={1977},
  publisher={JSTOR}
}


@inproceedings{feigeComplexity,
  title={Relations between average case complexity and approximation complexity},
  author={Feige, Uriel},
  booktitle={Proceedings of the thiry-fourth annual ACM symposium on Theory of computing},
  pages={534--543},
  year={2002},
  organization={ACM}
}

@article{noPTASKhot,
    author = {Subhash Khot},
    title = {Ruling out PTAS for graph min-bisection, dense k-subgraph, and bipartite clique},
    journal = {SIAM J. Comput},
    year = {2006},
    volume = {36},
    number = {4},
    pages = {1025--1071}
}

@article{BCBSinapprox4,
    author = {Andreas Goerdt and Andr{\'{e}} Lanka},
    title = {An approximation hardness result for bipartite Clique},
    jounral = {Electronic Colloquium on Computational Complexity},
    number = {048},
    year = {2004}
}

@article{MarxPGSP,
 author = {Marx, D\'{a}niel},
 title = {Parameterized Graph Separation Problems},
 journal = {Theor. Comput. Sci.},
 issue_date = {28 February 2006},
 volume = {351},
 number = {3},
 month = feb,
 year = {2006},
 issn = {0304-3975},
 pages = {394--406},
 numpages = {13},
 url = {http://dx.doi.org/10.1016/j.tcs.2005.10.007},
 doi = {10.1016/j.tcs.2005.10.007},
 acmid = {1140647},
 publisher = {Elsevier Science Publishers Ltd.},
 address = {Essex, UK},
 keywords = {multicut, multiway cut, parameterized complexity, separator},
} 

@article{BCBSNPHard,
  title = {The NP-completeness column: An ongoing guide.},
  journal = {Journal of Algorithms},
  year = {1987},
  volume = {8},
  number = {3},
  pages = {438--448}
}

@article{BCBSinapprox,
  title={Hardness of approximation of the balanced complete bipartite subgraph problem},
  author={Feige, Uriel and Kogan, Shimon},
  year={2004}
}


@inproceedings{VAT-TKDE,
  title={Robust Graph-theoretic Clustering Approaches using Vertex Attack Tolerance},
  author={Matta, John and Borwey, Jeffrey and Obafemi-Ajayi, Tayo and Wunsch, Donald C. and Ercal, Gunes},
  booktitle={Submitted to IEEE TKDE},
  year={2015},
}


@mastersthesis{JohnThesis,
  title={Comparing the Effectiveness of Resilience Measures},
  author={Matta, John},
  year={2014},
  school={SIUE}
}

@mastersthesis{DarlaThesis,
  title={Application of Graph Theoretic Clustering on Some Biomedical Data Sets},
  author={Ahlert, Darla},
  year={2015},
  school={SIUE}
}


% Theoretical works on "typical case guarantee" in wireless setting
@phdthesis{ErcalPhD,
 author = {Ercal-Ozkaya, Gunes},
 advisor = {Meyerson, Adam W.},
 title = {Routing in Random Ad-hoc Networks: Provably Better Than Worst-case},
 year = {2008},
 isbn = {978-0-549-98055-1},
 note = {AAI3343315},
 publisher = {University of California at Los Angeles},
 school =  {University of California at Los Angeles},
 address = {Los Angeles, CA, USA},
} 

@article{TCS07,
  title={On the cover time and mixing time of random geometric graphs},
  author={Avin, Chen and Ercal, Gunes},
  journal={Theoretical Computer Science},
  volume={380},
  number={1},
  pages={2--22},
  year={2007},
  publisher={Elsevier}
}

@incollection{SAGT08,
  title={Frugal routing on wireless ad-hoc networks},
  author={Ercal, Gunes and Izhak-Ratzin, Rafit and Majumdar, Rupak and Meyerson, Adam},
  booktitle={Algorithmic Game Theory},
  pages={133--144},
  year={2008},
  publisher={Springer Berlin Heidelberg}
}

@inproceedings{LMCFGraphHoc,
  title={On a Local Heuristic for a Reverse Multicast Forwarding Game},
  author={Varatharajan, Sarvesh and Ercal-Ozkaya, Gunes},
  booktitle={Networks and Communications, 2009. NETCOM'09. First International Conference on},
  pages={307--312},
  year={2009},
  organization={IEEE}
}

@article{LMCFJournal,
  title={Incentive Compatible and Globally Efficient Position Based Routing for Selfish Reverse Multicast in Wireless Sensor Networks},
  author={Eidenbenz, Stephan and Ercal-Ozkaya, Gunes and Meyerson, Adam and Percus, Allon and Varatharajan, Sarvesh},
  journal={Algorithms},
  volume={2},
  number={4},
  pages={1303--1326},
  year={2009},
  publisher={Molecular Diversity Preservation International}
}

@inproceedings{LMCF-FOWANC,
  title={On a locally minimum cost forwarding game},
  author={Eidenbenz, Stephan and Ercal-Ozkaya, Gunes and Meyerson, Adam and Percus, Allon},
  booktitle={Proceedings of the 2nd ACM international workshop on Foundations of wireless ad hoc and sensor networking and computing},
  pages={29--36},
  year={2009},
  organization={ACM}
}

@inproceedings{ErcalNetworking2011,
  title={Small worlds and rapid mixing with a little more randomness on random geometric graphs},
  author={Ercal, Gunes},
  booktitle={NETWORKING 2011},
  pages={281--293},
  year={2011},
  publisher={Springer Berlin Heidelberg}
}

% ******************************
% Other Works

@article{jafari2001no,
  title={On no-regret learning, fictitious play, and nash equilibrium},
  author={Jafari, Amir and Greenwald, Amy and Gondek, David and Ercal, Gunes},
  journal={ICML},
  volume={1},
  pages={226--233},
  year={2001}
}

@incollection{ICALP2005cover,
  title={On the cover time of random geometric graphs},
  author={Avin, Chen and Ercal, Gunes},
  booktitle={Automata, languages and programming},
  pages={677--689},
  year={2005},
  publisher={Springer Berlin Heidelberg}
}

@inproceedings{EWSN2005bounds,
  title={Bounds on the mixing time and partial cover of ad-hoc and sensor networks},
  author={Avin, C. and Ercal, G.},
  booktitle={Wireless Sensor Networks, 2005. Proceeedings of the Second European Workshop on},
  pages={1--12},
  year={2005},
  organization={IEEE}
}


@article{vitevitch2011simulating,
  title={Simulating retrieval from a highly clustered network: Implications for spoken word recognition},
  author={Vitevitch, Michael S and Ercal, Gunes and Adagarla, Bhargav},
  journal={Frontiers in psychology},
  volume={2},
  number={369.10},
  pages={3389},
  year={2011},
  publisher={Frontiers}
}

@inproceedings{laine2011user,
  title={User groups in social networks: an experimental study on Youtube},
  author={Laine, Michael Steve Stanley and Ercal, Gunes and Luo, Bo},
  booktitle={System Sciences (HICSS), 2011 44th Hawaii International Conference on},
  pages={1--10},
  year={2011},
  organization={IEEE}
}

@article{IJDSN2012,
  title={More Benefits of Adding Sparse Random Links to Wireless Networks: Yet Another Case for Hybrid Networks},
  author={Ercal, Gunes},
  journal={International Journal of Distributed Sensor Networks},
  volume={2012},
  year={2012},
  publisher={Hindawi Publishing Corporation}
}

@article{ercal2011vcg,
  title={VCG with Communities on Random Ad Hoc Networks},
  author={Ercal, Gunes and Izhak-Ratzin, Rafit and Majumdar, Rupak and Meyerson, Adam},
  journal={International Journal of Distributed Sensor Networks},
  volume={2011},
  year={2011},
  publisher={Hindawi Publishing Corporation}
}

@inproceedings{EC2009PoM,
  title={On the price of mediation},
  author={Bradonjic, Milan and Ercal-Ozkaya, Gunes and Meyerson, Adam and Roytman, Alan},
  booktitle={Proceedings of the 10th ACM conference on Electronic commerce},
  pages={315--324},
  year={2009},
  organization={ACM}
}


@article{DMTCS2014,
  title={The Price of Mediation},
  author={Bradonjic, Milan and Ercal, Gunes and Roytman, Alan and Meyerson, Adam},
  journal={Discrete Mathematics \& Theoretical Computer Science},
  volume={16},
  year={2014},
  publisher={Episciences. org}
}

@inproceedings{TKDE,
  title={Node-Based Resilience Measure Clustering with Applications to Noisy and Overlapping Communities},
  author={Matta, John and Obafemi-Ajayi, Tayo and Borwey, Jeffrey and Sinha, Koushik and Wunsch, Donald C. and Ercal, Gunes},
  booktitle={Submitted to IEEE TKDE},
  year={2017},
}

@article{yan2006efficient,
  title={Efficient routing on complex networks},
  author={Yan, Gang and Zhou, Tao and Hu, Bo and Fu, Zhong-Qian and Wang, Bing-Hong},
  journal={Physical Review E},
  volume={73},
  number={4},
  pages={046108},
  year={2006},
  publisher={APS}
}
@article{holme2002attack,
  title={Attack vulnerability of complex networks},
  author={Holme, Petter and Kim, Beom Jun and Yoon, Chang No and Han, Seung Kee},
  journal={Physical review E},
  volume={65},
  number={5},
  pages={056109},
  year={2002},
  publisher={APS}
}

@inproceedings{chong2010efficient,
  title={Efficient extraction of high-betweenness vertices},
  author={Chong, Wen Haw and Toh, Wei Shan Belinda and Teow, Loo Nin},
  booktitle={Advances in Social Networks Analysis and Mining (ASONAM), 2010 International Conference on},
  pages={286--290},
  year={2010},
  organization={IEEE}
}

@inproceedings{ufimtsev2014finding,
  title={Finding High Betweenness Centrality Vertices in Large Networks},
  author={Ufimtsev, Vladimir and Bhowmick, Sanjukta},
  booktitle={CSC14: The Sixth SIAM Workshop on Combinatorial Scientific Computing},
  pages={45},
  year={2014}
}

@inproceedings{csimcsek2009skill,
  title={Skill characterization based on betweenness},
  author={{\c{S}}im{\c{s}}ek, {\"O}zg{\"u}r and Barto, Andrew G},
  booktitle={Advances in neural information processing systems},
  pages={1497--1504},
  year={2009}
}

@article{sariyuce2017graph,
  title={Graph manipulations for fast centrality computation},
  author={Sariy{\"u}ce, Ahmet Erdem and Kaya, Kamer and Saule, Erik and {\c{C}}ataly{\"u}rek, {\"U}mit V},
  journal={ACM Transactions on Knowledge Discovery from Data (TKDD)},
  volume={11},
  number={3},
  pages={26},
  year={2017},
  publisher={ACM}
}

@inproceedings{carpenter2002practical,
  title={Practical issues and algorithms for analyzing terrorist networks},
  author={Carpenter, Tami and Karakostas, George and Shallcross, David},
  booktitle={Proceedings of the Western Simulation MultiConference},
  year={2002}
}
@inproceedings{matta2017comparison,
  title={A Comparison of Approaches to Computing Betweenness Centrality for Large Graphs},
  author={Matta, John},
  booktitle={International Workshop on Complex Networks and their Applications},
  pages={3--13},
  year={2017},
  organization={Springer}
}

@article{matta2016quality,
  title={The Quality of Sampling from Geographic Networks},
  author={Matta, John and Ercal, Gunes and Stimson, William},
  journal={International Journal of Distributed Sensor Networks},
  volume={12},
  number={4},
  pages={7379030},
  year={2016},
  publisher={SAGE Publications Sage UK: London, England}
}

@book{DSM,
  title={Diagnostic and statistical manual of mental disorders (DSM-5{\textregistered})},
  author={American Psychiatric Association and others},
  year={2013},
  publisher={American Psychiatric Pub}
}
@article{miles2011autism,
  title={Autism subgroups from a medical genetics perspective},
  author={Miles, JH},
  journal={Autism spectrum disorders},
  pages={705--721},
  year={2011},
  publisher={Oxford University Press, New York}
}

@article{eaves1994subtypes,
  title={Subtypes of autism by cluster analysis},
  author={Eaves, Linda C and Ho, Helena H and Eaves, David M},
  journal={Journal of Autism and Developmental Disorders},
  volume={24},
  number={1},
  pages={3--22},
  year={1994},
  publisher={Springer}
}

@article{georgiades2013importance,
  title={Importance of studying heterogeneity in autism},
  author={Georgiades, Stelios and Szatmari, Peter and Boyle, Michael},
  journal={Neuropsychiatry},
  volume={3},
  number={2},
  pages={123--125},
  year={2013},
  publisher={Future Medicine Ltd London, UK}
}
@inproceedings{liu2010understanding,
  title={Understanding of internal clustering validation measures},
  author={Liu, Yanchi and Li, Zhongmou and Xiong, Hui and Gao, Xuedong and Wu, Junjie},
  booktitle={Data Mining (ICDM), 2010 IEEE 10th International Conference on},
  pages={911--916},
  year={2010},
  organization={IEEE}
}
@inproceedings{kovacs2005cluster,
  title={Cluster validity measurement techniques},
  author={Kov{\'a}cs, Ferenc and Leg{\'a}ny, Csaba and Babos, Attila},
  booktitle={6th International symposium of hungarian researchers on computational intelligence},
  year={2005}
}
@article{fischbach2010simons,
  title={The Simons Simplex Collection: a resource for identification of autism genetic risk factors},
  author={Fischbach, Gerald D and Lord, Catherine},
  journal={Neuron},
  volume={68},
  number={2},
  pages={192--195},
  year={2010},
  publisher={Elsevier}
}
@article{lord1994autism,
  title={Autism Diagnostic Interview-Revised: a revised version of a diagnostic interview for caregivers of individuals with possible pervasive developmental disorders},
  author={Lord, Catherine and Rutter, Michael and Le Couteur, Ann},
  journal={Journal of autism and developmental disorders},
  volume={24},
  number={5},
  pages={659--685},
  year={1994},
  publisher={Springer}
}
@article{lord1989austism,
  title={Austism diagnostic observation schedule: A standardized observation of communicative and social behavior},
  author={Lord, Catherine and Rutter, Michael and Goode, Susan and Heemsbergen, Jacquelyn and Jordan, Heather and Mawhood, Lynn and Schopler, Eric},
  journal={Journal of autism and developmental disorders},
  volume={19},
  number={2},
  pages={185--212},
  year={1989},
  publisher={Springer}
}
@inproceedings{al2016ensemble,
  title={Ensemble statistical and subspace clustering model for analysis of autism spectrum disorder phenotypes},
  author={Al-Jabery, Khalid and Obafemi-Ajayi, Tayo and Olbricht, Gayla R and Takahashi, T Nicole and Kanne, Stephen and Wunsch, Donald},
  booktitle={Engineering in Medicine and Biology Society (EMBC), 2016 IEEE 38th Annual International Conference of the},
  pages={3329--3333},
  year={2016},
  organization={IEEE}
}
@article{von2007tutorial,
  title={A tutorial on spectral clustering},
  author={Von Luxburg, Ulrike},
  journal={Statistics and computing},
  volume={17},
  number={4},
  pages={395--416},
  year={2007},
  publisher={Springer}
}
@article{fasoli2012grapevine,
  title={The grapevine expression atlas reveals a deep transcriptome shift driving the entire plant into a maturation program},
  author={Fasoli, Marianna and Dal Santo, Silvia and Zenoni, Sara and Tornielli, Giovanni Battista and Farina, Lorenzo and Zamboni, Anita and Porceddu, Andrea and Venturini, Luca and Bicego, Manuele and Murino, Vittorio and others},
  journal={The Plant Cell Online},
  volume={24},
  number={9},
  pages={3489--3505},
  year={2012},
  publisher={Am Soc Plant Biol}
}
@article{qiu2015current,
  title={Current understanding of grapevine defense mechanisms against the biotrophic fungus (Erysiphe necator), the causal agent of powdery mildew disease},
  author={Qiu, Wenping and Feechan, Angela and Dry, Ian},
  journal={Horticulture research},
  volume={2},
  pages={15020},
  year={2015},
  publisher={Nature Publishing Group}
}
@article{fung2008powdery,
  title={Powdery mildew induces defense-oriented reprogramming of the transcriptome in a susceptible but not in a resistant grapevine},
  author={Fung, Raymond WM and Gonzalo, Martin and Fekete, Csaba and Kovacs, Laszlo G and He, Yan and Marsh, Ellen and McIntyre, Lauren M and Schachtman, Daniel P and Qiu, Wenping},
  journal={Plant physiology},
  volume={146},
  number={1},
  pages={236--249},
  year={2008},
  publisher={Am Soc Plant Biol}
}
@article{pap2016identification,
  title={Identification of two novel powdery mildew resistance loci, Ren6 and Ren7, from the wild Chinese grape species Vitis piasezkii},
  author={Pap, D{\'a}niel and Riaz, Summaira and Dry, Ian B and Jermakow, Angelica and Tenscher, Alan C and Cantu, Dario and Ol{\'a}h, R{\'o}bert and Walker, M Andrew},
  journal={BMC plant biology},
  volume={16},
  number={1},
  pages={170},
  year={2016},
  publisher={BioMed Central}
}
@article{amrine2015comparative,
  title={Comparative transcriptomics of Central Asian Vitis vinifera accessions reveals distinct defense strategies against powdery mildew},
  author={Amrine, Katherine CH and Blanco-Ulate, Barbara and Riaz, Summaira and Pap, D{\'a}niel and Jones, Laura and Figueroa-Balderas, Rosa and Walker, M Andrew and Cantu, Dario},
  journal={Horticulture Research},
  volume={2},
  pages={15037},
  year={2015},
  publisher={Nature Publishing Group}
}
@article{jiang2004cluster,
  title={Cluster analysis for gene expression data: a survey},
  author={Jiang, Daxin and Tang, Chun and Zhang, Aidong},
  journal={IEEE Transactions on knowledge and data engineering},
  volume={16},
  number={11},
  pages={1370--1386},
  year={2004},
  publisher={IEEE}
}
@article{langfelder2012fast,
  title={Fast R functions for robust correlations and hierarchical clustering},
  author={Langfelder, Peter and Horvath, Steve},
  journal={Journal of statistical software},
  volume={46},
  number={11},
  year={2012},
  publisher={NIH Public Access}
}

@article{song2012comparison,
  title={Comparison of co-expression measures: mutual information, correlation, and model based indices},
  author={Song, Lin and Langfelder, Peter and Horvath, Steve},
  journal={BMC bioinformatics},
  volume={13},
  number={1},
  pages={328},
  year={2012},
  publisher={BioMed Central}
}
@article{langfelder2008wgcna,
  title={WGCNA: an R package for weighted correlation network analysis},
  author={Langfelder, Peter and Horvath, Steve},
  journal={BMC bioinformatics},
  volume={9},
  number={1},
  pages={559},
  year={2008},
  publisher={BioMed Central}
}
@inproceedings{Toma2017,
  title={What Can One Chromosome Tell us About Human
Biogeographical Ancestry?},
  author={Toma, Tanjin Taher and Williams, Zachary and Dawson, Jeremy and Adjeroh, Donald},
  booktitle={IEEE International Conference on Bioinformatics and Biomedicine (BIBM)},
  year={2017},
}
@article{DAVID1,
  title={Systematic and integrative analysis of large gene lists using DAVID bioinformatics resources},
  author={Huang, Da Wei and Sherman, Brad T and Lempicki, Richard A},
  journal={Nature protocols},
  volume={4},
  number={1},
  pages={44},
  year={2008},
  publisher={Nature Publishing Group}
}
@article{DAVID2,
  title={Bioinformatics enrichment tools: paths toward the comprehensive functional analysis of large gene lists},
  author={Huang, Da Wei and Sherman, Brad T and Lempicki, Richard A},
  journal={Nucleic acids research},
  volume={37},
  number={1},
  pages={1--13},
  year={2008},
  publisher={Oxford University Press}
}
@article{varadarajan2002error,
  title={Error spreading: a perception-driven approach to handling error in continuous media streaming},
  author={Varadarajan, Srivatsan and Ngo, Hung Q and Srivastava, Jaideep},
  journal={IEEE/ACM Transactions on networking},
  volume={10},
  number={1},
  pages={139--152},
  year={2002},
  publisher={IEEE}
}


@article{wijesekera1999experimental,
  title={Experimental evaluation of loss perception in continuous media},
  author={Wijesekera, Duminda and Srivastava, Jaideep and Nerode, Anil and Foresti, Mark},
  journal={Multimedia systems},
  volume={7},
  number={6},
  pages={486--499},
  year={1999},
  publisher={Springer}
}

@inproceedings{liu2004disruption,
  title={Disruption-tolerant content-aware video streaming},
  author={Liu, Tiecheng and Nelakuditi, Srihari},
  booktitle={Proceedings of the 12th annual ACM international conference on Multimedia},
  pages={420--423},
  year={2004},
  organization={ACM}
}

@article{ousley2014autism,
  title={Autism spectrum disorder: defining dimensions and subgroups},
  author={Ousley, Opal and Cermak, Tracy},
  journal={Current developmental disorders reports},
  volume={1},
  number={1},
  pages={20--28},
  year={2014},
  publisher={Springer}
}

@inproceedings{obafemi2018asd,
  title={Ensemble Validation Paradigm for Intelligent Data Analysis in Autism Spectrum Disorders},
  author={Nguyen, Thy and Nowell, Kerri and Bodner, Kimberly E. and Obafemi-Ajayi, Tayo},
  booktitle={Computational Intelligence in Bioinformatics and Computational Biology (CIBCB), 2018 IEEE Conference on},
  year={2018},
  organization={IEEE}
}

@inproceedings{obafemi2015sorting,
  title={Sorting the phenotypic heterogeneity of autism spectrum disorders: A hierarchical clustering model},
  author={Obafemi-Ajayi, Tayo and Lam, Dao and Takahashi, T Nicole and Kanne, Stephen and Wunsch, Donald},
  booktitle={Computational Intelligence in Bioinformatics and Computational Biology (CIBCB), 2015 IEEE Conference on},
  pages={1--7},
  year={2015},
  organization={IEEE}
}

@article{hus2014standardizing,
  title={Standardizing ADOS domain scores: Separating severity of social affect and restricted and repetitive behaviors},
  author={Hus, Vanessa and Gotham, Katherine and Lord, Catherine},
  journal={Journal of autism and developmental disorders},
  volume={44},
  number={10},
  pages={2400--2412},
  year={2014},
  publisher={Springer}
}

@article{mcpartland2016considerations,
  title={Considerations in biomarker development for neurodevelopmental disorders},
  author={McPartland, James C},
  journal={Current opinion in neurology},
  volume={29},
  number={2},
  pages={118},
  year={2016},
  publisher={NIH Public Access}
}

@article{hall2009weka,
  title={The WEKA data mining software: an update},
  author={Hall, Mark and Frank, Eibe and Holmes, Geoffrey and Pfahringer, Bernhard and Reutemann, Peter and Witten, Ian H},
  journal={ACM SIGKDD explorations newsletter},
  volume={11},
  number={1},
  pages={10--18},
  year={2009},
  publisher={ACM}
}

@article{stevens2000subgroups,
  title={Subgroups of children with autism by cluster analysis: A longitudinal examination},
  author={Stevens, Michael C and Fein, Deborah A and Dunn, Michelle and Allen, Doris and Waterhouse, Lynn H and Feinstein, Carl and Rapin, Isabelle},
  journal={Journal of the American Academy of Child \& Adolescent Psychiatry},
  volume={39},
  number={3},
  pages={346--352},
  year={2000},
  publisher={Elsevier}
}

@article{spencer2018heritable,
  title={Heritable genotype contrast mining reveals novel gene associations specific to autism subgroups},
  author={Spencer, Matt and Takahashi, Nicole and Chakraborty, Sounak and Miles, Judith and Shyu, Chi-Ren},
  journal={Journal of biomedical informatics},
  volume={77},
  pages={50--61},
  year={2018},
  publisher={Elsevier}
}

@article{chaste2015genome,
  title={A genome-wide association study of autism using the Simons Simplex Collection: Does reducing phenotypic heterogeneity in autism increase genetic homogeneity?},
  author={Chaste, Pauline and Klei, Lambertus and Sanders, Stephan J and Hus, Vanessa and Murtha, Michael T and Lowe, Jennifer K and Willsey, A Jeremy and Moreno-De-Luca, Daniel and Timothy, W Yu and Fombonne, Eric and others},
  journal={Biological psychiatry},
  volume={77},
  number={9},
  pages={775--784},
  year={2015},
  publisher={Elsevier}
}

@article{veatch2014genetically,
  title={Genetically meaningful phenotypic subgroups in autism spectrum disorders},
  author={Veatch, OJ and Veenstra-VanderWeele, J and Potter, M and Pericak-Vance, MA and Haines, JL},
  journal={Genes, Brain and Behavior},
  volume={13},
  number={3},
  pages={276--285},
  year={2014},
  publisher={Wiley Online Library}
}

@article{cuccaro2012exploring,
  title={Exploring the relationship between autism spectrum disorder and epilepsy using latent class cluster analysis},
  author={Cuccaro, Michael L and Tuchman, Roberto F and Hamilton, Kara L and Wright, Harry H and Abramson, Ruth K and Haines, Jonathan L and Gilbert, John R and Pericak-Vance, Margaret},
  journal={Journal of autism and developmental disorders},
  volume={42},
  number={8},
  pages={1630--1641},
  year={2012},
  publisher={Springer}
}

@article{ingram2008defining,
  title={Defining autism subgroups: a taxometric solution},
  author={Ingram, David G and Takahashi, T Nicole and Miles, Judith H},
  journal={Journal of autism and developmental disorders},
  volume={38},
  number={5},
  pages={950--960},
  year={2008},
  publisher={Springer}
}

@INPROCEEDINGS{ICDM, 
author={J. Matta and T. Obafemi-Ajayi and J. Borwey and D. Wunsch and G. Ercal}, 
booktitle={2016 IEEE 16th International Conference on Data Mining (ICDM)}, 
title={Robust Graph-Theoretic Clustering Approaches Using Node-Based Resilience Measures}, 
year={2016}, 
pages={320-329}, 
keywords={Clustering algorithms;Context;Image color analysis;Noise measurement;Partitioning algorithms;Resilience;Scattering;clustering;graph theory;noise;resilience measures}, 
doi={10.1109/ICDM.2016.0043}, 
month={Dec}
}
@article{ShiMalik,
  title={Normalized cuts and image segmentation},
  author={Shi, Jianbo and Malik, Jitendra},
  journal={Pattern Analysis and Machine Intelligence, IEEE Transactions on},
  volume={22},
  number={8},
  pages={888--905},
  year={2000},
  publisher={IEEE}
}


@article{alpert1999spectral,
  title={Spectral partitioning with multiple eigenvectors},
  author={Alpert, Charles J and Kahng, Andrew B and Yao, So-Zen},
  journal={Discrete Applied Mathematics},
  volume={90},
  number={1-3},
  pages={3--26},
  year={1999},
  publisher={Elsevier}
}
@article{GirvanNewman,
  title={Community structure in social and biological networks},
  author={Girvan, Michelle and Newman, Mark EJ},
  journal={Proceedings of the National Academy of Sciences},
  volume={99},
  number={12},
  pages={7821--7826},
  year={2002},
  publisher={National Acad Sciences}
}
@article{nascimento2011spectral,
  title={Spectral methods for graph clustering--a survey},
  author={Nascimento, Maria CV and De Carvalho, Andre CPLF},
  journal={European Journal of Operational Research},
  volume={211},
  number={2},
  pages={221--231},
  year={2011},
  publisher={Elsevier}
}

@inproceedings{FLAIRS,
  title={A Graph-Theoretic Clustering Methodology Based on Vertex-Attack Tolerance.},
  author={Borwey, Jeffrey and Ahlert, Darla and Obafemi-Ajayi, Tayo and Ercal, Gunes},
  booktitle={FLAIRS Conference},
  pages={404--409},
  year={2015}
}

@article{ercal2013resilience,
  title={Resilience notions for scale-free networks},
  author={Ercal, Gunes and Matta, John},
  journal={Procedia Computer Science},
  volume={20},
  pages={510--515},
  year={2013},
  publisher={Elsevier}
}
@article{matta2017vertex,
  title={The vertex attack tolerance of complex networks},
  author={Matta, John and Ercal, Gunes and Borwey, Jeffrey},
  journal={RAIRO-Operations Research},
  volume={51},
  number={4},
  pages={1055--1076},
  year={2017},
  publisher={EDP Sciences}
}
@article{frank2010uci,
  title={UCI Machine Learning Repository [http://archive. ics. uci. edu/ml]. Irvine, CA: University of California},
  author={Frank, Andrew and Asuncion, Arthur},
  journal={School of information and computer science},
  volume={213},
  year={2010}
}
@article{spectralVAT,
  author    = {Gunes Ercal},
  title     = {On Vertex Attack Tolerance of Regular Graphs},
  journal   = {CoRR},
  year      = {2014},
  volume    = {abs/1409.2172},
  url       = {http://arxiv.org/abs/1409.2172}
}
@article{brandes2001faster,
  title={A faster algorithm for betweenness centrality},
  author={Brandes, Ulrik},
  journal={Journal of mathematical sociology},
  volume={25},
  number={2},
  pages={163--177},
  year={2001},
  publisher={Taylor \& Francis}
}

@ARTICLE{Barefoot1987,
  title={Vulnerability in graphsâ€”a comparative survey},
  author={Barefoot, Curtis A and Entringer, Roger and Swart, Henda},
  journal={J. Combin. Math. Combin. Comput},
  volume={1},
  number={38},
  pages={13--22},
  year={1987}
}
    author = {C.A. Barefoot and R. Entringer and H. Swart},
    title = {Vulnerability in graphs-a comparative survey},
    journal = {Journal of Combinatorial Mathematics and Combinatorial Computing},
    year = {1987},
    volume = {1},
    pages = {12-22}
}

@inproceedings{Cozzens1995,
 author = {M. Cozzens, D.M., S. Stueckle},
 title = {The tenacity of a graph},
 booktitle = {Seventh International Conference on the Theory and Applications of Graphs},
 year = {1995},
 pages = {1111--1122},
 publisher = {Wiley},
 address = {New York, NY, USA}
} 

@inproceedings{InfluenceGType,
  title={Influence of graph construction on graph-based clustering measures},
  author={Maier, Markus and Luxburg, Ulrike V and Hein, Matthias},
  booktitle={Advances in neural information processing systems},
  pages={1025--1032},
  year={2008}
}

@article{newman2006modularity,
  title={Modularity and community structure in networks},
  author={Newman, Mark EJ},
  journal={Proceedings of the national academy of sciences},
  volume={103},
  number={23},
  pages={8577--8582},
  year={2006},
  publisher={National Acad Sciences}
}

@article{CondSparse,
  author    = {Sanjeev Arora and
               Satish Rao and
               Umesh V. Vazirani},
  title     = {Expander flows, geometric embeddings and graph partitioning},
  journal   = {J. {ACM}},
  year      = {2009},
  volume    = {56},
  number    = {2},
}

@inproceedings{BICOB,
  title={Applications of Novel Graph Theoretic Methods to Clustering Autism Spectrum Disorders Phenotypes},
  author={Matta, John and Nguyen, Thy and Ercal, Gunes and Obafemi-Ajayi, Tayo},
  booktitle={International Conference on Bioinformatics and Computational Biology},
  pages={113--119},
  year={2017}
}

@inproceedings{Grapevine,
  title={Analysis of grapevine gene expression data using node-based resilience clustering},
  author={Dale, Jeffrey and Matta, John and Howard, Susanne and Ercal, Gunes and Qiu, Wenping and Obafemi-Ajayi, Tayo},
  booktitle={2018 IEEE Conference on Computational Intelligence in Bioinformatics and Computational Biology (CIBCB)},
  year={2018},
  organization={IEEE}
}

@article{DREAM,
  title={The Diversity of REcent and Ancient huMan (DREAM): a new microarray for genetic anthropology and genealogy, forensics, and personalized medicine},
  author={Elhaik, Eran and Yusuf, Leeban and Anderson, Ainan IJ and Pirooznia, Mehdi and Arnellos, Dimitrios and Vilshansky, Gregory and Ercal, Gunes and Lu, Yontao and Webster, Teresa and Baird, Michael L and others},
  journal={Genome Biology and Evolution},
  volume={9},
  number={12},
  pages={3225--3237},
  year={2017}
}
@article{frank2016weka,
  title={The WEKA workbench},
  author={Frank, Eibe and Hall, MA and Witten, IH},
  journal={Data mining: Practical machine learning tools and techniques. Burlington: Morgan Kaufmann},
  year={2016}
}
@inproceedings{cukierski2008using,
  title={Using betweenness centrality to identify manifold shortcuts},
  author={Cukierski, William J and Foran, David J},
  booktitle={Data Mining Workshops, 2008. ICDMW'08. IEEE International Conference on},
  pages={949--958},
  year={2008},
  organization={IEEE}
}
@article{russell2003artificial,
  title={Artificial Intelligence: A Modern Approach},
  author={Russell, Stuart and Norvig, Peter},
  year={2003},
  publisher={Prentice Hall}
}
@article{eibe2016weka,
  title={The WEKA workbench},
  author={Eibe, F and Hall, MA and Witten, IH and Pal, JC},
  journal={Online Appendix for â€œData Mining: Practical Machine Learning Tools and Techniques},
  volume={4},
  year={2016},
  publisher={Morgan Kaufmann MA}
}

@article{ETV5Tumor,
  title={Graph complexity analysis identifies an ETV5 tumor-specific network in human and murine low-grade glioma},
  author={Pan, Yuan and Duron, Christina and Bush, Erin C and Ma, Yu and Sims, Peter A and Gutmann, David H and Radunskaya, Ami and Hardin, Johanna},
  journal={PloS one},
  volume={13},
  number={5},
  pages={e0190001},
  year={2018},
  publisher={Public Library of Science}
}

@ARTICLE{LankeAlzheimers,
  
AUTHOR={Lanke, Vinay and Moolamalla, S. T. R. and Roy, Dipanjan and Vinod, P. K.},   
	 
TITLE={Integrative Analysis of Hippocampus Gene Expression Profiles Identifies Network Alterations in Aging and Alzheimerâ€™s Disease},      
	
JOURNAL={Frontiers in Aging Neuroscience},      
	
VOLUME={10},      

PAGES={153},     
	
YEAR={2018},      
	  
URL={https://www.frontiersin.org/article/10.3389/fnagi.2018.00153},       
	
DOI={10.3389/fnagi.2018.00153},      
	
ISSN={1663-4365}   
}


@article{alves2018graph,
  title={Graph analysis of cell clusters forming vascular networks},
  author={Alves, AP and Mesquita, ON and G{\'o}mez-Garde{\~n}es, J and Agero, U},
  journal={Royal Society open science},
  volume={5},
  number={3},
  pages={171592},
  year={2018},
  publisher={The Royal Society}
}
@inproceedings{grapevine2,
 author = {Jeffrey Dale and John Matta and Susanne Howard and Gunes Ercal and Wenping Qiu and Tayo Obafemi-Ajayi},
 title = {Analysis of Grapevine Gene Expression Data using Node-Based Resilience Clustering},
 booktitle = {Proceedings of the 2018 IEEE Conference on Computational Intelligence in Bioinformatics and Computational Biology},
 year = {2018},
 }
@article{Brugere2018,
 author = {Brugere, Ivan and Gallagher, Brian and Berger-Wolf, Tanya Y.},
 title = {Network Structure Inference, A Survey: Motivations, Methods, and Applications},
 journal = {ACM Comput. Surv.},
 issue_date = {May 2018},
 volume = {51},
 number = {2},
 month = apr,
 year = {2018},
 issn = {0360-0300},
 pages = {24:1--24:39},
 articleno = {24},
 numpages = {39},
 url = {http://doi.acm.org.libproxy.siue.edu/10.1145/3154524},
 doi = {10.1145/3154524},
 acmid = {3154524},
 publisher = {ACM},
 address = {New York, NY, USA},
 keywords = {Graph mining, computational science, relational learning},
} 
@article{DIPIERRO2018,
title = "Grandiose and entitled, but still fragile: A network analysis of pathological narcissistic traits",
journal = "Personality and Individual Differences",
year = "2018",
issn = "0191-8869",
doi = "https://doi.org/10.1016/j.paid.2018.04.003",
url = "http://www.sciencedirect.com/science/article/pii/S0191886918301934",
author = "Rossella Di Pierro and Giulio Costantini and Ilaria Maria Antonietta Benzi and Fabio Madeddu and Emanuele Preti",
keywords = "Pathological narcissism, Network analysis, Pathological personality structure, Personality traits"
}

@article{akiki2018default,
  title={Default mode network abnormalities in posttraumatic stress disorder: A novel network-restricted topology approach},
  author={Akiki, Teddy J and Averill, Christopher L and Wrocklage, Kristen M and Scott, J Cobb and Averill, Lynnette A and Schweinsburg, Brian and Alexander-Bloch, Aaron and Martini, Brenda and Southwick, Steven M and Krystal, John H and others},
  journal={NeuroImage},
  volume={176},
  pages={489--498},
  year={2018},
  publisher={Elsevier}
}

@article{ghaderi2018time,
  title={Time estimation and beta segregation: An EEG study and graph theoretical approach},
  author={Ghaderi, Amir Hossein and Moradkhani, Shadi and Haghighatfard, Arvin and Akrami, Fatemeh and Khayyer, Zahra and Balc{\i}, Fuat},
  journal={PloS one},
  volume={13},
  number={4},
  pages={e0195380},
  year={2018},
  publisher={Public Library of Science}
}
@article{monaco2018complex,
  title={A complex network approach reveals a pivotal substructure of genes linked to schizophrenia},
  author={Monaco, Alfonso and Monda, Anna and Amoroso, Nicola and Bertolino, Alessandro and Blasi, Giuseppe and Di Carlo, Pasquale and Papalino, Marco and Pergola, Giulio and Tangaro, Sabina and Bellotti, Roberto},
  journal={PloS one},
  volume={13},
  number={1},
  pages={e0190110},
  year={2018},
  publisher={Public Library of Science}
}
@article{MARCUS201856,
title = "A network of dark personality traits: What lies at the heart of darkness?",
journal = "Journal of Research in Personality",
volume = "73",
pages = "56 - 62",
year = "2018",
issn = "0092-6566",
doi = "https://doi.org/10.1016/j.jrp.2017.11.003",
url = "http://www.sciencedirect.com/science/article/pii/S0092656617301095",
author = "David K. Marcus and Jonathan Preszler and Virgil Zeigler-Hill",
keywords = "Network analysis, Psychopathy, Narcissism, Machiavellianism, Spitefulness, Dark Triad"
}

@misc{NBRProject,
    title  = {Node-Based Resilience Measure Clustering Project Website},
    url = {http://www.cs.siue.edu/{\textasciitilde}gercal/clustering/},
year = 2016,
}


@article{yasser,
  title={Microbiomarkers Discovery in Inflammatory Bowel Diseases using Network-Based Feature Selection},
  author={M. Abbas and T. Le and H. Bensmail and V. Honavar and Y. El-Manzalawy},
  journal={ Proceedings of the 9th ACM Conference on Bioinformatics, Computational Biology and Health Informatics},
  year={2018},
  publisher={Association for Computing Machinery}
}
